@inproceedings{9693749,
  author={Tran, Chi Thien and Kurmangaleev, Shamil},
  booktitle={2021 Ivannikov Memorial Workshop (IVMEM)}, 
  title={Futag: Automated fuzz target generator for testing software libraries}, 
  year={2021},
  language = {у},
  volume={},
  number={},
  pages={80-85},
  doi={10.1109/IVMEM53963.2021.00021}
authorscopus = {true},
}

@inproceedings{confbib1,
  author = {Фамилия, И. О.},
  title = {название тезисов конференции},
  booktitle = {Название сборника},
  year = {2015},
  language = {russian},
  authorconf = {true},
}

@CONFERENCE{confbib2,
  author = {Фамилия, И. О.},
  title = {название тезисов конференции},
  booktitle = {Название сборника},
  year = {2015},
  language = {russian},
  authorconf = {true},
  addendum = {(Scopus)},
}

@ARTICLE{bib1,
  author = {Фамилия, И. О.},
  title = {Название статьи},
  journal = {Журнал},
  year = {2012},
  volume = {1},
  pages = {100},
  language = {russian},
  authorother = {true},
  authorconf = {true},
}

@CONFERENCE{bib2,
  author = {Фамилия, И. О.},
  title = {название тезисов конференции},
  booktitle = {Название сборника},
  year = {2012},
  language = {russian},
  authorconf = {true},
}

@ARTICLE{scbib1,
  author = {Фамилия, И. О. and Фамилия2, И. О. and Фамилия3, И. О.},
  title = {Название статьи},
  journal = {Журнал},
  year = {2018},
  volume = {2},
  number = {1},
  pages = {99--102},
  language = {russian},
  authorscopus = {true},
  authorwos = {true},
  addendum = {(Scopus, WoS)},
}

@ARTICLE{vakbib1,
  author = {Фамилия, И. О. and Фамилия2, И. О. and Фамилия3, И. О.},
  addendum = {(0,28~п.~л.; ВАК, WoS)},
  title = {Название статьи},
  journal = {Журнал},
  year = {2013},
  volume = {1},
  number = {5},
  pages = {100--120},
  language = {russian},
  authorvak = {true},
  authorwos = {true},
}

@ARTICLE{vakbib2,
  author = {Фамилия, И. О. and Фамилия2, И. О. and Фамилия3, И. О. and Фамилия4, И. О.},
  addendum = {(0,33~п.~л.~/ 0,28~п.~л.; ВАК)},
  title = {Название статьи},
  journal = {Журнал},
  year = {2014},
  volume = {1},
  number = {5},
  pages = {100--120},
  language = {russian},
  authorvak = {true},
}

@ARTICLE{wosbib1,
  author = {Фамилия, И. О. and Фамилия2, И. О. and Фамилия3, И. О.},
  addendum = {(0,21~п.~л., WoS)},
  title = {Название статьи},
  journal = {Журнал},
  year = {2011},
  volume = {1},
  number = {8},
  pages = {105--120},
  language = {russian},
  authorwos = {true},
}
