@ARTICLE{scbib1,
  author = {Tran, Chi Thien and Kurmangaleev, Shamil},
  title = {Futag: Automated fuzz target generator for testing software libraries},
  booktitle = {2021 Ivannikov Memorial Workshop (IVMEM)},
  year = {2021},
  language = {english},
  addendum = {(Scopus)},
  authorscopus = {true}
}

@ARTICLE{bib1,
  author={Tran, Chi Thien and Ponomarev, Dmitry and Kuznetsov, Andrey},
  title={Research on automatic generation of fuzz-target for software library functions}, 
  booktitle={2022 Ivannikov Ispras Open Conference (ISPRAS)}, 
  year={2022},
  language = {english},
  addendum = {(Scopus)},
  authorscopus = {true}
}

@CONFERENCE{confbib1,
  author = {Чан, Ти Тхиен and Шамиль Курмангалеев},
  title = {Автоматизированная генерация фаззинг тестов},
  booktitle = {2020 Ivannikov Ispras Open Conference (ISPRAS)},
  year = {2020},
  language = {russian},
  authorconf = {true},
}

@CONFERENCE{confbib2,
  author = {Чан, Ти Тхиен and Белеванцев, Андрей Андреевич and Курмангалеев, Ш.Ф. and  Ларионов-Тришкин, Т.А.},
  title = {Futag - автоматический генератор фаззинг-оберток для программных библиотек},
  booktitle = {Ломоносовские чтения - 2022},
  year = {2022},
  language = {russian},
  authorconf = {true},
}

@CONFERENCE{bib2,
  author = {Tran, Chi Thien},
  title = {Application of automatic code generation and fuzzing technology for C / C++ library testing},
  booktitle = {IX International Conference "Engineering \& Telecommunication En\&T 2022"},
  year = {2022},
  language = {english},
  authorconf = {true},
}
