% ГОСТ Р 7.0.11-2011, Приложение Б, Книги
@online{libFuzzer,
  title = {libFuzzer},
  url = {http://llvm.org/docs/LibFuzzer.html},
  urldate = {2021-09-30}
}

@online{AFLplusplus,
  title = {AFLplusplus},
  url = {https://github.com/AFLplusplus/AFLplusplus},
  urldate = {2021-09-30}
}

@online{CodeQL,
  title = {CodeQL},
  url = {https://codeql.github.com},
  urldate = {2021-09-30}
}

@online{clangSAsite,
  title = {Clang static analyzer},
  url = {https://clang-analyzer.llvm.org},
  urldate = {2021-09-30}
}

@INPROCEEDINGS{9402152,
  author={Zhang, Mingrui and Liu, Jianzhong and Ma, Fuchen and Zhang, Huafeng and Jiang, Yu},
  booktitle={2021 IEEE/ACM 43rd International Conference on Software Engineering: Software Engineering in Practice (ICSE-SEIP)}, 
  title={IntelliGen: Automatic Driver Synthesis for Fuzz Testing}, 
  year={2021},
  volume={},
  number={},
  pages={318-327},
  doi={10.1109/ICSE-SEIP52600.2021.00041}}

@book{aho2007compilers,
  title={Compilers: Principles, Techniques, \& Tools},
  author={Aho, A.V.},
  isbn={9780321491695},
  lccn={2006024333},
  series={Addison-Wesley series in computer science},
  url={https://books.google.ru/books?id=RheqQgAACAAJ},
  year={2007},
  publisher={Pearson/Addison Wesley}
}

@book{stroustrup2014programming,
  title={Programming: principles and practice using C++},
  author={Stroustrup, Bjarne},
  year={2014},
  publisher={Pearson Education}
}

@inproceedings{48314,
title	= {FUDGE: Fuzz Driver Generation at Scale},
author	= {Domagoj Babic and Stefan Bucur and Yaohui Chen and Franjo Ivancic and Tim King and Markus Kusano and Caroline Lemieux and László Szekeres and Wei Wang},
year	= {2019},
booktitle	= {Proceedings of the 2019 27th ACM Joint Meeting on European Software Engineering Conference and Symposium on the Foundations of Software Engineering}
}

@inproceedings {251548,
author = {Kyriakos Ispoglou and Daniel Austin and Vishwath Mohan and Mathias Payer},
title = {{FuzzGen}: Automatic Fuzzer Generation},
booktitle = {29th USENIX Security Symposium (USENIX Security 20)},
year = {2020},
isbn = {978-1-939133-17-5},
pages = {2271--2287},
url = {https://www.usenix.org/conference/usenixsecurity20/presentation/ispoglou},
publisher = {USENIX Association},
month = aug,
}

@article{Csallner2004JCrasherAA,
  title={JCrasher: an automatic robustness tester for Java},
  author={Christoph Csallner and Yannis Smaragdakis},
  journal={Software: Practice and Experience},
  year={2004},
  volume={34}
}

@INPROCEEDINGS{4222570,
  author={Pacheco, Carlos and Lahiri, Shuvendu K. and Ernst, Michael D. and Ball, Thomas},
  booktitle={29th International Conference on Software Engineering (ICSE'07)}, 
  title={Feedback-Directed Random Test Generation}, 
  year={2007},
  volume={},
  number={},
  pages={75-84},
  doi={10.1109/ICSE.2007.37}}


@article{Shamshiri2018HowDA,
  title={How Do Automatically Generated Unit Tests Influence Software Maintenance?},
  author={Sina Shamshiri and Jos{\'e} Miguel Rojas and Juan Pablo Galeotti and Neil Walkinshaw and Gordon Fraser},
  journal={2018 IEEE 11th International Conference on Software Testing, Verification and Validation (ICST)},
  year={2018},
  pages={250-261}
}

@ARTICLE{Nasirova,
  author =       {Насырова, Г. А.},
  title =        {Модели государственного регулирования страховой деятельности
                  [Электронный ресурс]},
  journal =      {Вестник Финансовой академии},
  year =         {2003},
  number =       {4},
  note =         {Режим доступа: http://vestnik.fa.ru/4(28)2003/4.html},
  language =     {russian}
}

@CONFERENCE{Conference,
  author       = {Peter Draper},
  title        = {The title of the work},
  booktitle    = {The title of the book},
  year         = {1993},
  editor       = {The editor},
  volume       = {4},
  series       = {5},
  pages        = {213},
  address      = {The address of the publisher},
  month        = {7},
  organization = {The organization},
  publisher    = {The publisher},
  note         = {An optional note},
  language     = {english}
}
