@Patent{progbib1,
  heading =      {Свидетельство о гос. регистрации программы для {ЭВМ}},
  author =       {Чан Ти Тхиен (VN)},
  title =        {Futag},
  media =        {text},
  holder =       {ФЕДЕРАЛЬНОЕ ГОСУДАРСТВЕННОЕ БЮДЖЕТНОЕ УЧРЕЖДЕНИЕ НАУКИ ИНСТИТУТ СИСТЕМНОГО ПРОГРАММИРОВАНИЯ ИМ. В.П. ИВАННИКОВА РОССИЙСКОЙ АКАДЕМИИ НАУК (ИСП РАН) (RU)},
  reqnumber =    2021662358,
  publdate =     {2021-08-16},
  date =         {2021-08-06},
  prnumber =     2021663344,
  prcountry =    {countryru},
  language =     {russian},
  authorprogram ={yes},
}
